<record><leader>00000cas a2200000 a 4500</leader><controlfield tag="001">23665071</controlfield><controlfield tag="008">910430d19231977sduwr ne      0   a0eng d</controlfield><datafield ind1=" " ind2=" " tag="010"><subfield code="a">sn 98069014 </subfield></datafield><datafield ind1=" " ind2=" " tag="040"><subfield code="a">USD</subfield><subfield code="b">eng</subfield><subfield code="c">USD</subfield><subfield code="d">SXN</subfield><subfield code="d">OCL</subfield><subfield code="d">OCLCQ</subfield><subfield code="d">OCLCF</subfield><subfield code="d">OCLCO</subfield></datafield><datafield ind1="1" ind2=" " tag="029"><subfield code="a">AU@</subfield><subfield code="b">000013904179</subfield></datafield><datafield ind1=" " ind2=" " tag="042"><subfield code="a">msc</subfield></datafield><datafield ind1=" " ind2=" " tag="043"><subfield code="a">n-us-sd</subfield></datafield><datafield ind1="0" ind2=" " tag="130"><subfield code="a">Vermillion plain talk (Vermillion, S.D. : 1923)</subfield></datafield><datafield ind1="1" ind2="0" tag="245"><subfield code="a">Vermillion plain talk.</subfield></datafield><datafield ind1="1" ind2=" " tag="246"><subfield code="i">Monday issues for July 10-Aug. 14, 1967 have title:</subfield><subfield code="a">Dakota times</subfield></datafield><datafield ind1=" " ind2=" " tag="260"><subfield code="a">Vermillion, S.D. :</subfield><subfield code="b">C.T. Bolstad,</subfield><subfield code="c">1923-1977.</subfield></datafield><datafield ind1=" " ind2=" " tag="300"><subfield code="a">v. :</subfield><subfield code="b">ill.</subfield></datafield><datafield ind1=" " ind2=" " tag="310"><subfield code="a">Weekly,</subfield><subfield code="b">Apr. 17, 1969-1977</subfield></datafield><datafield ind1=" " ind2=" " tag="321"><subfield code="a">Frequency varies,</subfield><subfield code="b">1923-Apr. 10, 1969</subfield></datafield><datafield ind1="0" ind2=" " tag="362"><subfield code="a">Vol. 40, no. 36 (Aug. 23, 1923)-v. 94, no. 19 (May 12, 1977).</subfield></datafield><datafield ind1=" " ind2=" " tag="530"><subfield code="a">Available on microfilm from: State Archives, South Dakota State Historical Society.</subfield></datafield><datafield ind1=" " ind2="0" tag="651"><subfield code="a">Vermillion (S.D.)</subfield><subfield code="v">Newspapers.</subfield></datafield><datafield ind1=" " ind2="0" tag="651"><subfield code="a">Clay County (S.D.)</subfield><subfield code="v">Newspapers.</subfield></datafield><datafield ind1=" " ind2="7" tag="655"><subfield code="a">Newspapers.</subfield><subfield code="2">fast</subfield><subfield code="0">(OCoLC)fst01423814</subfield></datafield><datafield ind1=" " ind2="7" tag="651"><subfield code="a">South Dakota</subfield><subfield code="z">Clay County.</subfield><subfield code="2">fast</subfield><subfield code="0">(OCoLC)fst01215573</subfield></datafield><datafield ind1=" " ind2="7" tag="651"><subfield code="a">South Dakota</subfield><subfield code="z">Vermillion.</subfield><subfield code="2">fast</subfield><subfield code="0">(OCoLC)fst01217710</subfield></datafield><datafield ind1="0" ind2="0" tag="780"><subfield code="t">Plain talk (Vermillion, S.D. : 1893)</subfield><subfield code="w">(DLC)sn 98069013</subfield><subfield code="w">(OCoLC)23665047</subfield></datafield><datafield ind1="0" ind2="0" tag="785"><subfield code="t">Plain talk (Vermillion, S.D. : 1977)</subfield><subfield code="w">(DLC)sn 98069015</subfield><subfield code="w">(OCoLC)23665123</subfield></datafield></record>